@online{Mininet,
url={https://mininet.org/},
title={Mininet: Rapid Prototyping for Software Defined Networks}
}

@online{Ryu,
url={https://ryu.readthedocs.io/},
title={Ryu: SDN Framework}
}

@online{D-ITG,
url={https://traffic.comics.unina.it/software/ITG/},
title={D-ITG: Distributed Internet Traffic Generator}
}